<?xml version="1.0" encoding="UTF-8"?><record xmlns="http://www.loc.gov/MARC21/slim" xmlns:cinclude="http://apache.org/cocoon/include/1.0" xmlns:zs="http://www.loc.gov/zing/srw/">
  <leader>00346cz  a2200121n  4500</leader>
  <controlfield tag="001">n  91077917 </controlfield>
  <controlfield tag="003">DLC</controlfield>
  <controlfield tag="005">19920109151954.8</controlfield>
  <controlfield tag="008">910806n| acannaab|          |n ana |||  </controlfield>
  <datafield tag="010" ind1=" " ind2=" ">
    <subfield code="a">n  91077917 </subfield>
  </datafield>
  <datafield tag="040" ind1=" " ind2=" ">
    <subfield code="a">DLC</subfield>
    <subfield code="c">DLC</subfield>
    <subfield code="d">DLC</subfield>
  </datafield>
  <datafield tag="110" ind1="2" ind2="0">
    <subfield code="a">Dear Mr. President (Musical group)</subfield>
  </datafield>
  <datafield tag="670" ind1=" " ind2=" ">
    <subfield code="a">Raymond, J. Dear Mr. President [SR] p1988:</subfield>
    <subfield code="b">label (Dear Mr. President)</subfield>
  </datafield>
</record>